@Manual{R-hyperSpec,
  title = {hyperSpec: Work with Hyperspectral Data, i.e. Spectra + Meta Information
(Spatial, Time, Concentration, ...)},
  author = {Claudia Beleites and Valter Sergo},
  year = {2020},
  note = {https://cbeleites.github.io/hyperSpec,
https://github.com/cbeleites/hyperSpec},
}

